<record><leader>00000cas a2200000 a 4500</leader><controlfield tag="001">9703335</controlfield><controlfield tag="008">830714d18171845nyucr ne      0    0eng c</controlfield><datafield ind1=" " ind2=" " tag="010"><subfield code="a">sn 83030890 </subfield></datafield><datafield ind1=" " ind2=" " tag="040"><subfield code="a">NPU</subfield><subfield code="b">eng</subfield><subfield code="c">NPU</subfield><subfield code="d">NPA</subfield><subfield code="d">NPY</subfield><subfield code="d">NPX</subfield><subfield code="d">YOX</subfield><subfield code="d">NYS</subfield><subfield code="d">MGN</subfield><subfield code="d">NYS</subfield><subfield code="d">CVF</subfield><subfield code="d">OCL</subfield><subfield code="d">DLC</subfield><subfield code="d">OCLCQ</subfield><subfield code="d">OCLCF</subfield></datafield><datafield ind1="1" ind2=" " tag="029"><subfield code="a">AU@</subfield><subfield code="b">000002913485</subfield></datafield><datafield ind1=" " ind2=" " tag="042"><subfield code="a">pcc</subfield></datafield><datafield ind1=" " ind2=" " tag="043"><subfield code="a">n-us-ny</subfield></datafield><datafield ind1="0" ind2="0" tag="050"><subfield code="a">Newspaper</subfield></datafield><datafield ind1="0" ind2=" " tag="130"><subfield code="a">Albany gazette (Albany, N.Y. : 1817)</subfield></datafield><datafield ind1="1" ind2="4" tag="245"><subfield code="a">The Albany gazette.</subfield></datafield><datafield ind1=" " ind2=" " tag="260"><subfield code="a">Albany [N.Y.] :</subfield><subfield code="b">William L. Stone, for Websters, Skinners &amp; Co.</subfield></datafield><datafield ind1=" " ind2=" " tag="300"><subfield code="a">v. ;</subfield><subfield code="c">51-54 cm.</subfield></datafield><datafield ind1=" " ind2=" " tag="310"><subfield code="a">Semiweekly</subfield></datafield><datafield ind1="1" ind2=" " tag="362"><subfield code="a">Began Mar. 31, 1817; ceased in 1845.</subfield></datafield><datafield ind1=" " ind2=" " tag="530"><subfield code="a">Also issued on microfilm from the New York Public Library.</subfield></datafield><datafield ind1=" " ind2=" " tag="580"><subfield code="a">Weekly eds.: Albany Whig, &lt;1834-1835&gt;; Voice of the people and Albany Whig, &lt;1837&gt;; Albany weekly gazette, &lt;1838&gt;-1845.</subfield></datafield><datafield ind1=" " ind2=" " tag="588"><subfield code="a">Description based on: Vol. 34, no. 3176 (May 1, 1817).</subfield></datafield><datafield ind1=" " ind2="0" tag="651"><subfield code="a">Albany (N.Y.)</subfield><subfield code="v">Newspapers.</subfield></datafield><datafield ind1=" " ind2="0" tag="651"><subfield code="a">Albany County (N.Y.)</subfield><subfield code="v">Newspapers.</subfield></datafield><datafield ind1=" " ind2="7" tag="655"><subfield code="a">Newspapers.</subfield><subfield code="2">fast</subfield><subfield code="0">(OCoLC)fst01423814</subfield></datafield><datafield ind1=" " ind2="7" tag="651"><subfield code="a">New York (State)</subfield><subfield code="z">Albany.</subfield><subfield code="2">fast</subfield><subfield code="0">(OCoLC)fst01225716</subfield></datafield><datafield ind1=" " ind2="7" tag="651"><subfield code="a">New York (State)</subfield><subfield code="z">Albany County.</subfield><subfield code="2">fast</subfield><subfield code="0">(OCoLC)fst01210357</subfield></datafield><datafield ind1=" " ind2=" " tag="752"><subfield code="a">United States</subfield><subfield code="b">New York</subfield><subfield code="c">Albany</subfield><subfield code="d">Albany.</subfield></datafield><datafield ind1="0" ind2=" " tag="775"><subfield code="t">Albany gazette &amp; daily advertiser</subfield><subfield code="w">(DLC)sn 83030881</subfield></datafield><datafield ind1="0" ind2=" " tag="775"><subfield code="t">Albany daily advertiser (Albany, N.Y. : 1822)</subfield><subfield code="w">(DLC)sn 83030887</subfield></datafield><datafield ind1="1" ind2=" " tag="775"><subfield code="t">Albany Whig</subfield><subfield code="w">(DLC)sn 92061763</subfield></datafield><datafield ind1="1" ind2=" " tag="775"><subfield code="t">Voice of the people and Albany Whig</subfield><subfield code="w">(DLC)sn 93063559</subfield><subfield code="w">(OCoLC)27393048</subfield></datafield><datafield ind1="1" ind2=" " tag="775"><subfield code="t">Albany weekly gazette</subfield><subfield code="w">(DLC)sn 83030893</subfield></datafield><datafield ind1="0" ind2="0" tag="780"><subfield code="t">Albany gazette, for the country</subfield><subfield code="w">(DLC)sn 84024336</subfield></datafield></record>